@STRING(SIM = "Statist. Med.")
@STRING(CSDA = "Comput. Stat. Data Anal.")
@STRING(BMCMRM = "BMC Med. Res. Methodol.")

% ---
% JM History
% ---
@article{Andersen1982,
 author = {P. K. Andersen and R. D. Gill},
 journal = {The Annals of Statistics},
 number = {4},
 pages = {1100--1120},
 title = {Cox's Regression Model for Counting Processes: A Large Sample Study},
 volume = {10},
 year = {1982}
}

@article{DeGruttola1994,
 author = {Victor De Gruttola and Xin Ming Tu},
 journal = {Biometrics},
 number = {4},
 pages = {1003--1014},
 title = {Modelling Progression of {CD4}-Lymphocyte Count and Its Relationship to Survival Time},
 volume = {50},
 year = {1994}
}

@article{Tsiatis1995,
    author = { A. A. Tsiatis and Victor Degruttola and M. S. Wulfsohn},
    title = {Modeling the Relationship of Survival to Longitudinal Data Measured with Error. Applications to Survival and {CD4} Counts in Patients with {AIDS}},
    journal = {Journal of the American Statistical Association},
    volume = {90},
    number = {429},
    pages = {27-37},
    year  = {1995},
    doi = {10.1080/01621459.1995.10476485},
}

@article{Berzuini1996,  
    author={Berzuini, C. and Larizza, C.},  
    journal={IEEE Transactions on Pattern Analysis and Machine Intelligence},   
    title={A unified approach for modeling longitudinal and failure time data, with application in medical monitoring},   
    year={1996},  
    volume={18},  
    number={2},  
    pages={109--123},  
    doi={10.1109/34.481537}
}

@article{Faucett1996,  
    author={Faucett, C. L. and Thomas, D. C.},  
    journal={Statistics in medicine},   
    title={Simultaneously modelling censored survival data and repeatedly measured covariates: a {G}ibbs sampling approach.},   
    year={1996},  
    volume={15},  
    number={15},  
    pages={1663--1685},  
    doi={10.1002/(SICI)1097-0258(19960815)15:15<1663::AID-SIM294>3.0.CO;2-1 }
}

@article{Bycott1998,
    author = {Bycott, P. and Taylor, J.},
    title = {A comparison of smoothing techniques for {CD4} data measured with error in a time-dependent {C}ox proportional hazards model.},
    journal = {Statistics in medicine},
    volume = {17},
    number = {18},
    pages = {2061--2077},
    year  = {1998}
}

@article{Dafni1998,
 author = {Urania G. Dafni and Anastasios A. Tsiatis},
 journal = {Biometrics},
 number = {4},
 pages = {1445--1462},
 publisher = {[Wiley, International Biometric Society]},
 title = {Evaluating Surrogate Markers of Clinical Outcome When Measured with Error},
 volume = {54},
 year = {1998},
 doi={10.2307/2533670}
}

@article{Prentice1982,
 author = {R. L. Prentice},
 journal = {Biometrika},
 number = {2},
 pages = {331--342},
 title = {Covariate Measurement Errors and Parameter Estimation in a Failure Time Regression Model},
 volume = {69},
 year = {1982}
}

@article{Wang2001,
 author = {Yan Wang and Jeremy M. G. Taylor},
 journal = {Journal of the American Statistical Association},
 number = {455},
 pages = {895--905},
 title = {Jointly Modeling Longitudinal and Event Time Data with Application to Acquired Immunodeficiency Syndrome},
 volume = {96},
 year = {2001},
 doi = {10.1198/016214501753208591}
}

@article{Xu2001,
author = {Xu, Jane and Zeger, Scott L.},
title = {Joint analysis of longitudinal data comprising repeated measures and times to events},
journal = {Journal of the Royal Statistical Society: Series C (Applied Statistics)},
volume = {50},
number = {3},
pages = {375-387},
doi = {10.1111/1467-9876.00241},
year = {2001}
}

@article{Sweeting2011,
 author = {Sweeting, M. J. and Thompson, S. G.},
 year = {2011},
 journal = {Biometrical Journal},
 pages = {750--763},
 volume = {69},
 number = {5},
 title = {Joint modelling of longitudinal and time-to-event data with application to predicting abdominal aortic aneurysm growth and rupture},
 doi = {10.1002/bimj.201100052}
}

@article{Gould2015,
author = {Gould, L. A. and Boye, M. E. and Crowther, M. J. and Ibrahim, J. G. and Quartey, G. and Micallef, S. and Bois, F. Y.},
title = {Joint modeling of survival and longitudinal non-survival data: {c}urrent methods and issues. {R}eport of the {DIA} Bayesian joint modeling working group},
journal = {Statistics in Medicine},
volume = {34},
number = {14},
pages = {2181-2195},
doi = {10.1002/sim.6141},
year = {2015}
}

@article{Rizopoulos2015,
author = {Rizopoulos, Dimitris},
title = {Comments on ‘Joint modeling of survival and longitudinal non-survival data: {c}urrent methods and issues. Report of the {DIA} Bayesian Joint Modeling Working Group’},
journal = {Statistics in Medicine},
volume = {34},
number = {14},
pages = {2196-2197},
doi = {10.1002/sim.6260},
year = {2015}
}

% -------
% -- Simulation stuff
% -------

@ARTICLE{Bender2005,
   author = {R.~Bender and T.~Augustin and M.~Blettner},
   year = "2005",
   title = "Generating survival times to simulate {C}ox proportional hazards models",
   journal = SIM,
   volume = "24",
   pages = "1713--1723"
}

@article{Austin2012,
author = {Austin, Peter C.},
title = {Generating survival times to simulate {C}ox proportional hazards models with time-varying covariates},
journal = {Statistics in Medicine},
volume = {31},
number = {29},
pages = {3946-3958},
year = {2012}
}

% -----
% LMMs
% -----

@article{baghishani2012,
title = {Asymptotic normality of posterior distributions for generalized linear mixed models},
journal = {Journal of Multivariate Analysis},
volume = {111},
pages = {66-77},
year = {2012},
doi = {10.1016/j.jmva.2012.05.003},
author = {Hossein Baghishani and Mohsen Mohammadzadeh}
}

@article{LairdWare1982,
author = {Laird, N. M. and Ware, J. H.},
title = {Random-Effects Models for Longitudinal Data},
journal = {Biometrics},
volume = {38},
number = {4},
pages = {963--974},
year = {1982},
doi = {10.2307/2529876 }
}

@misc{Stringer2022,
      title={Fitting Generalized Linear Mixed Models using Adaptive Quadrature}, 
      author={Alex Stringer and Blair Bilodeau},
      year={2022},
      eprint={2202.07864},
      archivePrefix={arXiv},
      primaryClass={stat.ME}
}

@article{Pinheiro1995,
 ISSN = {10618600},
 URL = {http://www.jstor.org/stable/1390625},
 author = {José C. Pinheiro and Douglas M. Bates},
 journal = {Journal of Computational and Graphical Statistics},
 number = {1},
 pages = {12--35},
 publisher = {[American Statistical Association, Taylor & Francis, Ltd., Institute of Mathematical Statistics, Interface Foundation of America]},
 title = {Approximations to the Log-Likelihood Function in the Nonlinear Mixed-Effects Model},
 volume = {4},
 year = {1995}
}

% -------
% -- EM and fitting algorithms
% -------

@ARTICLE{Dempster77,
   author = "A.~P.~Dempster and N~.M.~Laird and D.~B.~Rubin",
   year    = "1977",
   title = "Maximum Likelihood from Incomplete Data via the {EM} Algorithm",
   journal = {Journal of the Royal Statistical Society. Series B (Methodological)},
   volume = "39",
   pages = "1--38",
   doi = {10.1111/j.2517-6161.1977.tb01600.x}
}

@book{Mclachlan08, 
    place={Hoboken, NJ}, 
    title={The {EM} Algorithm and Extensions, 2nd ed.}, 
    publisher={Wiley-Interscience}, 
    author={McLachlan, Geoffrey J. and Krishnan, Thriyambakam}, 
    year={2008},
    doi = {10.1002/9780470191613},
    isbn = {9780470191613}
}

@ARTICLE{Bernhardt15,
   author = "P.~W.~Bernhardt and D.~Zhang and H.~J.~Wang",
   year = "2015",
   title = {A fast {EM} Algorithm for Fitting Joint Models of a Binary Response to Multiple Longitudinal Covariates Subject to Detection Limits},
   journal = CSDA,
   volume = "85",
   pages = "37--53",
   doi = {10.1016/j.csda.2014.11.011}
}

@ARTICLE{Meng1997,
   author = {Meng, Xiao-Li and {van Dyk}, David},
   year = "1997",
   title = {The {EM} Algorithm - an Old Folk-song Sung to Fast New Tune},
   journal = {J. R. Statist. Soc. B},
   volume = "59",
   number = "3",
   pages = "511--567"
}

@article{Meng93,
 author = {Xiao-Li Meng and Donald B. Rubin},
 journal = {Biometrika},
 number = {2},
 pages = {267--278},
 title = {Maximum Likelihood Estimation via the {ECM} Algorithm: {A} General Framework},
 volume = {80},
 year = {1993}
}

@ARTICLE{Liu94,
   author = {Liu, Chuanhai and Rubin, Donald},
   year = "1994",
   title = {The {ECME} Algorithm: {A} simple extension of {EM} and {ECM} with faster monotone convergence},
   journal = {Biometrika},
   volume = "81",
   number = "4",
   pages = "633--48"
}

@ARTICLE{Matsuyama2003,
    author={Y. {Matsuyama}},
    journal={IEEE Transactions on Information Theory}, 
    title={The alpha-{EM} algorithm: surrogate likelihood maximization using alpha-logarithmic information measures},
    year={2003},
    volume={49},
    number={3},
    pages={692-706}
}

% EM  -- standard errors

@article{Xu2014,
    author = {Xu, C. and Baines, P.D. and Wang, J.L.},
    title = {Standard error estimation using the {EM} algorithm for the joint modeling of survival and longitudinal data},
    journal = {Biostatistics},
    year = {2014},
    volume = {15},
    number={4},
    pages={731--44},
    doi = {10.1093/biostatistics/kxu015}
}

@article{Hsieh2006,
    author = {Hsieh, Fushing and Tseng, Yi-Kuan and Wang, Jane-Ling},
    title = {Joint Modeling of Survival and Longitudinal Data: {L}ikelihood Approach Revisited},
    journal = {Biometrics},
    volume = {62},
    number = {4},
    pages = {1037-1043},
    doi = {/10.1111/j.1541-0420.2006.00570.x},
    year = {2006}
}


% -------
% -- JM Specific
% -------

@ARTICLE{Wulfsohn97,
   author = "Michael S.~Wulfsohn and Anastasios A.~Tsiatis",
   year = "1997",
   title = "A Joint Model for Survival and Longitudinal Data Measured with Error",
   journal = "Biometrics",
   volume = "53",
   pages = "330--339",
   doi = {10.2307/2533118}
}

@ARTICLE{JMOverview,
   author = "Anastasios A.~Tsiatis and Marie Davidian",
   year = "2004",
   title = "Joint Modeling of Longitudinal and Time-To-Event Data: {A}n Overview",
   journal = "Statistica Sinica",
   volume = "14",
   pages = "809--834"
}

@ARTICLE{Henderson2000,
   author = "R.~Henderson and P.~Diggle and A.~Dobson",
   year = "2000",
   title = "Joint modelling of longitudinal measurements and event time data",
   journal = "Biostatistics",
   volume = "4",
   pages = "465--480",
   doi = {10.1093/biostatistics/1.4.465}
}

@ARTICLE{Williamson2008,
   author = "P.~R.~Williamson and R.~Kolamunnage-Done and P.~Philipson and A.~G.~Marson",
   year = "2008",
   title = "Joint Modeling of Longitudinal and Competing Risks Data",
   journal = SIM,
   volume = "27",
   pages = "6426--6438",
   doi = {10.1002/sim.3451}
}

@article{Rizopoulos2009,
author = {Rizopoulos, Dimitris and Verbeke, Geert and Lesaffre, Emmanuel},
title = {Fully exponential {L}aplace approximations for the joint modelling of survival and longitudinal data},
journal = {Journal of the Royal Statistical Society: Series B (Statistical Methodology)},
volume = {71},
number = {3},
pages = {637-654},
year = {2009},
doi = {10.1111/j.1467-9868.2008.00704.x}
}

@article{Rizopoulos2011,
 author = {Dimitris Rizopoulos},
 journal = {Biometrics},
 number = {3},
 pages = {819--829},
 publisher = {International Biometric Society},
 title = {Dynamic Predictions and Prospective Accuracy in Joint Models for Longitudinal and Time-to-Event Data},
 volume = {67},
 doi = {10.1111/j.1541-0420.2010.01546.x},
 year = {2011}
}

@article{Rizopoulos2017,
    author = {Rizopoulos, Dimitris and Molenberghs, Geert and Lesaffre, Emmanuel M.E.H.},
    title = {Dynamic predictions with time-dependent covariates in survival analysis using joint modeling and landmarking},
    journal = {Biometrical Journal},
    volume = {59},
    number = {6},
    pages = {1261--1276},
    doi = {10.1002/bimj.201600238},
    year = {2017}
}



@article{Rizopoulos2011B,
author = {Rizopoulos, Dimitris and Ghosh, Pulak},
title = {A Bayesian semiparametric multivariate joint model for multiple longitudinal outcomes and a time-to-event},
journal = {Statistics in Medicine},
volume = {30},
number = {12},
pages = {1366--1380},
doi = {10.1002/sim.4205},
year = {2011}
}


@article{Rizopoulos2012,
author = {Dimitris Rizopoulos},
title = {Fast fitting of joint models for longitudinal and event time data using a pseudo-adaptive {G}aussian quadrature rule},
journal = {Computational Statistics \& Data Analysis},
volume = {56},
number = {3},
pages = {491-501},
year = {2012},
issn = {0167-9473},
doi = {10.1016/j.csda.2011.09.007}
}

@book{RizopoulosJMbook,
  title={Joint models for longitudinal and time-to-event data: {W}ith applications in {R}},
  author={Rizopoulos, Dimitris},
  year={2012},
  publisher={CRC press}
}

@ARTICLE{Hickey2018,
   author = "G.~L.~Hickey and P.~Philipson and A.~Jorgensen and R.~Kolamunnage-Dona",
   year = "2018",
   title = {{joineRML}: {A} joint model and software package for time-to-event and multivariate longitudinal outcomes},
   journal = BMCMRM,
   volume = "50",
   doi = {10.1186/s12874-018-0502-1}
}

@article{Ripatti2002,
    author={Ripatti, Samuli and Larsen, Klaus and Palmgren, Juni},
    title={Maximum Likelihood Inference for Multivariate Frailty Models Using an Automated {M}onte {C}arlo {EM} Algorithm},
    journal={Lifetime Data Analysis},
    year={2002},
    volume={8},
    number={4},
    pages={349--360},
    doi={10.1023/A:1020566821163}
}

@ARTICLE{Hickey2016,
   author = {G.~L.~Hickey and P.~Philipson and A.~Jorgensen and R.~Kolamunnage-Dona},
   year = {2016},
   title = {Joint modelling of time-to-event and multivariate longitudinal outcomes: {R}ecent developments and issues},
   journal = BMCMRM,
   volume = {117},
   doi = {10.1186/s12874-016-0212-5}
}

@article{Alsefri2020,
    author={Alsefri, Maha and Sudell, Maria and Garc{\'i}a-Fi{\~{n}}ana, Marta and Kolamunnage-Dona, Ruwanthi},
    title={Bayesian joint modelling of longitudinal and time to event data: {A} methodological review},
    journal={BMC Medical Research Methodology},
    year={2020},
    volume={20},
    number={1},
    pages={94},
    doi={10.1186/s12874-020-00976-2}
}

@article{Furgal2019,
    author = {Furgal, Allison K.C. and Sen, Ananda and Taylor, Jeremy M.G.},
    title = {Review and Comparison of Computational Approaches for Joint Longitudinal and Time-to-Event Models},
    journal = {International Statistical Review},
    volume = {87},
    number = {2},
    pages = {393-418},
    year = {2019},
    doi = {10.1111/insr.12322}
}

@article{Ibrahim2010,
    author = {Ibrahim, Joseph G. and Chu, Haitao and Chen, Liddy M.},
    title = {Basic Concepts and Methods for Joint Models of Longitudinal and Survival Data},
    journal = {Journal of Clinical Oncology},
    volume = {28},
    number = {16},
    pages = {2796-2801},
    year = {2010},
    doi = {10.1200/JCO.2009.25.0654}
}

@article{Lin2002,
    author = {Lin, Haiqun and McCulloch, Charles E. and Mayne, Susan T.},
    title = {Maximum likelihood estimation in the joint analysis of time-to-event and multiple longitudinal variables},
    journal = {Statistics in Medicine},
    volume = {21},
    number = {16},
    pages = {2369-2382},
    doi = {10.1002/sim.1179},
    year = {2002}
}

@article{Song2002,
    author = {Song, Xiao and Davidian, Marie and Tsiatis, Anastasios A.},
    title = "{An estimator for the proportional hazards model with multiple longitudinal covariates measured with error}",
    journal = {Biostatistics},
    volume = {3},
    number = {4},
    pages = {511-528},
    year = {2002},
    month = {12},
    doi = {10.1093/biostatistics/3.4.511}
}

@article{Philipson2020,
    title = {Faster {M}onte {C}arlo estimation of joint models for time-to-event and multivariate longitudinal data},
    journal = {Computational Statistics \& Data Analysis},
    volume = {151},
    pages = {107--10},
    year = {2020},
    doi = {10.1016/j.csda.2020.107010},
    author = {Pete Philipson and Graeme L. Hickey and Michael J. Crowther and Ruwanthi Kolamunnage-Dona}
}

@article{Crowther2013,
    author = {Michael J. Crowther and Keith R. Abrams and Paul C. Lambert},
    title ={Joint Modeling of Longitudinal and Survival Data},
    journal = {The Stata Journal},
    volume = {13},
    number = {1},
    pages = {165--184},
    year = {2013},
    doi = {10.1177/1536867X1301300112}
}

@article{Crowther2016,
    author = {Crowther, Michael J. and Andersson, Therese M.-L and Lambert, Paul C. and Abrams, Keith R. and Humphreys, Keith},
    title = {Joint modelling of longitudinal and survival data: {I}ncorporating delayed entry and an assessment of model misspecification},
    journal = {Statistics in Medicine},
    volume = {35},
    number = {7},
    pages = {1193--1209},
    doi = {https://doi.org/10.1002/sim.6779},
    url = {https://onlinelibrary.wiley.com/doi/abs/10.1002/sim.6779},
    year = {2016}
}

@misc{Crowther2017,
    title={Extended multivariate generalised linear and non-linear mixed effects models}, 
    author={Michael J. Crowther},
    year={2017},
    eprint={1710.02223},
    archivePrefix={arXiv},
    primaryClass={stat.ME}
}

@article{Barrett2017,
    title = {Dynamic predictions using flexible joint models of longitudinal and time-to-event data},
    journal = {Statistics in medicine},
    volume = {36},
    number = {9},
    pages = {1447--1460},
    year = {2017},
    doi = {10.1002/sim.7209},
    author = {Barrett, J. and Su, L.}
}

@article{Tanner2020,
    author = {Tanner, Kamaryn T. and Sharples, Linda D. and Daniel, Rhian M. and Keogh, Ruth H.},
    title = {Dynamic Survival Prediction Combining Landmarking with a Machine Learning Ensemble: {M}ethodology and Empirical Comparison},
    journal = {Journal of the {R}oyal {S}tatistical {S}ociety Series {A}: {S}tatistics in Society},
    volume = {184},
    number = {1},
    pages = {3--30},
    year = {2020},
    month = {11},
    doi = {10.1111/rssa.12611}
}


@article{Andrinopoulou2020,
    title={Multivariate joint modeling to identify markers of growth and lung function decline that predict cystic fibrosis pulmonary exacerbation onset},
    author={Andrinopoulou, Eleni-Rosalina and Clancy, John Paul and Szczesniak, RD},
    journal={BMC pulmonary medicine},
    volume={20},
    number={1},
    pages={1--11},
    year={2020},
    publisher={Springer},
    doi = {10.1186/s12890-020-1177-z}
}

@article{Long2018,
    title={Joint modeling of multivariate longitudinal data and survival data in several observational studies of {H}untington’s disease},
    author={Long, Jeffrey D and Mills, James A},
    journal={BMC medical research methodology},
    volume={18},
    number={1},
    pages={1--15},
    year={2018},
    publisher={BioMed Central},
    doi = {10.1186/s12874-018-0592-9}
}

@article{Murray2022,
    title = {A fast approximate {EM} algorithm for joint models of survival and multivariate longitudinal data},
    journal = {Computational Statistics \& Data Analysis},
    author = {James Murray and Pete Philipson},
    volume = {170},
    pages = {107438},
    year = {2022},
    doi = {10.1016/j.csda.2022.107438}
}

@article{Murray2023,
    title = {Fast estimation for generalised multivariate joint models using an approximate {EM} algorithm},
    journal = {Computational Statistics \& Data Analysis},
    volume = {187},
    pages = {107819},
    year = {2023},
    doi = {10.1016/j.csda.2023.107819},
    author = {James Murray and Pete Philipson}
}

@article{McCrink2013,
    author = {McCrink, Lisa M. and Marshall, Adele H. and Cairns, Karen J.},
    title = {Advances in Joint Modelling: {A} Review of Recent Developments with Application to the Survival of End Stage Renal Disease Patients},
    journal = {International Statistical Review},
    volume = {81},
    number = {2},
    pages = {249-269},
    doi = {10.1111/insr.12018},
    year = {2013}
}

@article{Andrinopoulou2021,
    author = {Andrinopoulou, Eleni-Rosalina and Harhay, Michael O and Ratcliffe, Sarah J and Rizopoulos, Dimitris},
    title = {Reflection on modern methods: {D}ynamic prediction using joint models of longitudinal and time-to-event data},
    journal = {International Journal of Epidemiology},
    volume = {50},
    number = {5},
    pages = {1731--1743},
    year = {2021},
    doi = {10.1093/ije/dyab047}
}

% ----
% Non - continuous longit. outcomes ...
% ----

% Proportional odds -- ORDINAL -------
@article{Alam2021,
    Author = {Alam, Khurshid and Maity, Arnab and Sinha, Sanjoy K. and Rizopoulos, Dimitris and Sattar, Abdus},
	doi = {10.1007/s10985-020-09511-3},
	Journal = {Lifetime Data Analysis},
	Number = {1},
	Pages = {64--90},
	Title = {Joint modeling of longitudinal continuous, longitudinal ordinal, and time-to-event outcomes},
	Volume = {27},
	Year = {2021}
}
@article{He2013,
	Author = {He, Bo and Luo, Sheng},
	Doi = {10.1177/0962280213480877},
	Journal = {Statistical methods in medical research},
	Month = {08},
	Number = {4},
	Pages = {1346--1358},
	Title = {Joint modeling of multivariate longitudinal measurements and survival data with applications to {P}arkinson's disease},
	Volume = {25},
	Year = {2016}
}
@article{Li2010,
	Author = {Li, Ning and Elashoff, Robert M and Li, Gang and Saver, Jeffrey},
	Journal = {Statistics in medicine},
	Month = {02},
	doi = {10.1002/sim.3798},
	Number = {5},
	Pages = {546--557},
	Title = {Joint modeling of longitudinal ordinal data and competing risks survival times and analysis of the {NINDS} rt-{PA} stroke trial},
	Volume = {29},
	Year = {2010}
}

% BINARY ----
@article{Hwang2011,
    title = {The joint model of the logistic model and linear random effect model — {A}n application to predict orthostatic hypertension for subacute stroke patients},
    journal = {Computational Statistics \& Data Analysis},
    volume = {55},
    number = {1},
    pages = {914-923},
    year = {2011},
    doi = {10.1016/j.csda.2010.07.024},
    author = {Yi-Ting Hwang and Hao-Yun Tsai and Yeu-Jhy Chang and Hsun-Chih Kuo and Chun-Chao Wang}
}

@article{LiHa2017,
    author = {Li, Haocheng and Zhang, Yukun and Carroll, Raymond J. and Keadle, Sarah Kozey and Sampson, Joshua N. and Matthews, Charles E.},
    title = {A joint modeling and estimation method for multivariate longitudinal data with mixed types of responses to analyze physical activity data generated by accelerometers},
    journal = {Statistics in Medicine},
    volume = {36},
    number = {25},
    pages = {4028-4040},
    keywords = {accelerometers, longitudinal data, mixed effects model, multivariate longitudinal data, penalized quasi-likelihood},
    doi = {10.1002/sim.7401},
    year = {2017}
}

@article{Rustand2023,
    author = {Rustand, Denis and van Niekerk, Janet and Krainski, Elias Teixeira and Rue, Håvard and Proust-Lima, Cécile},
    title = "{Fast and flexible inference for joint models of multivariate longitudinal and survival data using integrated nested {L}aplace approximations}",
    journal = {Biostatistics},
    pages = {kxad019},
    year = {2023},
    doi = {10.1093/biostatistics/kxad019}
}



% COUNTS ----
@article{Zhu2018,
    author = {Huirong Zhu and Stacia M DeSantis and Sheng Luo},
    title ={Joint modeling of longitudinal zero-inflated count and time-to-event data: {A} {B}ayesian perspective},
    journal = {Statistical Methods in Medical Research},
    volume = {27},
    number = {4},
    pages = {1258-1270},
    year = {2018},
    doi = {10.1177/0962280216659312}
}

@article{Sunethra2018,
    title={A joint model for exponential survival data and {P}oisson count data},
    author={Sunethra, A and Sooriyarachchi, R},
    journal={American Journal of Applied Mathematics and Statistics},
    volume={6},
    number={2},
    pages={72--9},
    year={2018},
    doi = {10.12691/ajams-6-2-6}
}

@article{Zamani2012,
    author = {Zamani, Hossein and Ismail, Noriszura},
    title = {Functional Form for the Generalized {P}oisson Regression Model},
    journal = {Communications in Statistics - Theory and Methods},
    volume = {41},
    number = {20},
    pages = {3666-3675},
    year  = {2012},
    publisher = {Taylor & Francis},
    doi = {10.1080/03610926.2011.564742}
}


% -------
% -- Survival
% -------

@article{Cox1972,
    author = {D. R. Cox},
    journal = {Journal of the Royal Statistical Society. Series B (Methodological)},
    number = {2},
    pages = {187--220},
    publisher = {[Royal Statistical Society, Wiley]},
    title = {Regression Models and Life-Tables},
    volume = {34},
    year = {1972},
    doi = {10.1111/j.2517-6161.1972.tb00899.x}
}

@article{Hickey2018B,
    author = {Graeme L. Hickey and Pete Philipson and Andrea Jorgensen and Ruwanthi Kolamunnage-Dona},
    title = {Joint Models of Longitudinal and Time-to-Event Data with More Than One Event Time Outcome: {A} Review},
    journal = {The International Journal of Biostatistics},
    number = {1},
    volume = {14},
    year = {2018},
    pages = {20170047},
    doi = {10.1515/ijb-2017-0047}
}

@book{Kalbfleisch2002,
  author = {Kalbfleisch, J. D. and Prentice, R. L.},
  edition = {2nd},
  groups = {public},
  publisher = {John Wiley \& Sons},
  title = {The Statistical Analysis of Failure time data},
  year = 2002
}

@article{Martins2022,
	author = {Martins, Rui},
	doi = {10.1007/s10260-021-00566-6},
	Journal = {Statistical Methods \& Applications},
	Number = {1},
	Pages = {41--61},
	Title = {A flexible link for joint modelling longitudinal and survival data accounting for individual longitudinal heterogeneity},
	Volume = {31},
	Year = {2022},
}

@article{Henderson2002,
    author = {Henderson, Robin and Diggle, Peter and Dobson, Angela},
    title = {Identification and efficacy of longitudinal markers for survival},
    journal = {Biostatistics},
    year = {2002},
    volume = {3},
    issue = {1},
    pages = {33--50},
    doi = {10.1093/biostatistics/3.1.33}
}

@article{vanSmeden2021,
    title = {Clinical prediction models: {D}iagnosis versus prognosis},
    journal = {Journal of Clinical Epidemiology},
    volume = {132},
    pages = {142--145},
    year = {2021},
    doi = {10.1016/j.jclinepi.2021.01.009},
    url = {https://www.sciencedirect.com/science/article/pii/S0895435621000135},
    author = {Maarten {van Smeden} and Johannes B Reitsma and Richard D Riley and Gary S Collins and Karel GM Moons}
}

@article{Youden1950,
    author = {Youden, W. J.},
    title = {Index for rating diagnostic tests},
    journal = {Cancer},
    volume = {3},
    number = {1},
    pages = {32-35},
    doi = {10.1002/1097-0142(1950)3:1<32::AID-CNCR2820030106>3.0.CO;2-3},
    year = {1950}
}

@article{Fscorebad,
    author = {Hand, D. and Christen, P.},
    title = {A note on using the {F}-measure for evaluating record linkage algorithms},
    volume = {28},
    year = {2018},
    pages = {539--547},
    doi = {10.1007/s11222-017-9746-6},
    journal = {Statistics and Computing}
}

@article{CoxSnell1968,
 URL = {http://www.jstor.org/stable/2984505},
 author = {D. R. Cox and E. J. Snell},
 journal = {Journal of the Royal Statistical Society. Series B (Methodological)},
 number = {2},
 pages = {248--275},
 title = {A General Definition of Residuals},
 volume = {30},
 year = {1968}
}

@book{Therneau2000,
  author    = {Terry M. Therneau and Patricia M. Grambsch},
  title     = {Modeling Survival Data: {E}xtending the {C}ox Model},
  year      = {2000},
  publisher = {Springer},
  address   = {New York, NY},
  isbn      = {0387987843},
}

@Article{Khan2022,
    author={Khan, Shahedul A. and Basharat, Nyla},
    title={Accelerated failure time models for recurrent event data analysis and joint modeling},
    journal={Computational Statistics},
    year={2022},
    month={Sep},
    day={01},
    volume={37},
    number={4},
    pages={1569--1597},
    doi={10.1007/s00180-021-01171-7},
    url={https://doi.org/10.1007/s00180-021-01171-7}
}

@article{Tseng2005,
    author = {Yi-Kuan Tseng and Fushing Hsieh and Jane-Ling Wang},
    journal = {Biometrika},
    number = {3},
    pages = {587--603},
    title = {Joint Modelling of Accelerated Failure Time and Longitudinal Data},
    volume = {92},
    year = {2005},
    url = {https://www.jstor.org/stable/20441216},
    doi = {10.1093/biomet/92.3.587}
}


% ----
% Post-hocs
% ----
@article{Akaike1974,
  author={Akaike, H.},
  journal={IEEE Transactions on Automatic Control}, 
  title={A new look at the statistical model identification}, 
  year={1974},
  volume={19},
  number={6},
  pages={716-723},
  doi={10.1109/TAC.1974.1100705}
}

@article{Schwarz1978,
    ISSN = {00905364},
    URL = {http://www.jstor.org/stable/2958889},
    author = {Gideon Schwarz},
    journal = {The Annals of Statistics},
    number = {2},
    pages = {461--464},
    publisher = {Institute of Mathematical Statistics},
    title = {Estimating the Dimension of a Model},
    volume = {6},
    year = {1978}
}


% -----
% Some papers using PBC
% -----


@article{PBCarticle,
    author = {Murtaugh, Paul A. and Dickson, E. Rolland and Van Dam, Gooitzen M. and Malinchoc, Michael and Grambsch, Patricia M. and Langworthy, Alice L. and Gips, Chris H.},
    title = {Primary biliary cirrhosis: {P}rediction of short-term survival based on repeated patient visits},
    journal = {Hepatology},
    volume = {20},
    number = {1},
    pages = {126-134},
    doi = {10.1002/hep.1840200120},
    year = {1994}
}

@article{PBCnamechange,
    title = {Changing nomenclature for {PBC}: From `cirrhosis’ to `cholangitis’},
    journal = {Clinics and Research in Hepatology and Gastroenterology},
    volume = {39},
    number = {5},
    pages = {e57-e59},
    year = {2015},
    doi = {10.1016/j.clinre.2015.08.001},
    author = {Ulrich Beuers and M. Eric Gershwin and Robert G. Gish and Pietro Invernizzi and David E.J. Jones and Keith Lindor and Xiong Ma and Ian R. Mackay and Albert Parés and Atsushi Tanaka and John M. Vierling and Raoul Poupon}
}

@article{PBCpatho,
    author = {Purohit, T. and Cappell, M. S.},
    title = {Primary biliary cirrhosis: {P}athophysiology, clinical presentation and therapy},
    journal = {World journal of hepatology},
    doi = {10.4254/wjh.v7.i7.926},
    year = {2015},
    volume = {7},
    issue = {7},
    pages = {926--941}
}

@article{PBCapp1,
    author = {Dai, Hongsheng and Pan, Jianxin},
    year = {2018},
    month = {01},
    pages = {},
    title = {Joint Modelling of Survival and Longitudinal Data with Informative Observation Times: {J}oint modelling},
    volume = {45},
    journal = {Scandinavian Journal of Statistics},
    doi = {10.1111/sjos.12314}
}

@article{PBCapp2,
    author = {Andrinopoulou, Eleni-Rosalina and Rizopoulos, Dimitris},
    title = {Bayesian shrinkage approach for a joint model of longitudinal and survival outcomes assuming different association structures},
    journal = {Statistics in Medicine},
    volume = {35},
    number = {26},
    pages = {4813-4823},
    doi = {10.1002/sim.7027},
    year = {2016}
}

@article{PBCapp3,
    author = {Dil, E. and Karasoy, D.},
    title = {Joint Modeling of a Longitudinal Measurement and Parametric Survival Data with Application to Primary Biliary Cirrhosis Study},
    journal = {Pakistan Journal of Statistics and Operation Research},
    volume = {16},
    number = {2},
    pages = {295-304},
    doi = {10.18187/pjsor.v16i2.3131},
    year = {2020}
}

% -------
% -- R packages
% -- (joineRML not included as part of the Hickey2018 citation)
% -------
@Manual{R-R,
    title = {R: {A} Language and Environment for Statistical Computing},
    author = {{R Core Team}},
    organization = {R Foundation for Statistical Computing},
    address = {Vienna, Austria},
    year = {2020},
    url = {https://www.R-project.org/},
  }
  
@Manual{R-nlme,
    title = {{nlme}: {L}inear and Nonlinear Mixed Effects Models},
    author = {Jose Pinheiro and Douglas Bates and Saikat DebRoy and Deepayan Sarkar and {R Core Team}},
    year = {2021},
    note = {R package version 3.1-152},
    url = {https://CRAN.R-project.org/package=nlme},
  }

@Article{R-lme4,
  title = {Fitting Linear Mixed-Effects Models Using {lme4}},
  author = {Douglas Bates and Martin M{\"a}chler and Ben Bolker and Steve Walker},
  journal = {Journal of Statistical Software},
  year = {2015},
  volume = {67},
  number = {1},
  pages = {1--48},
  doi = {10.18637/jss.v067.i01},
}

@Book{R-MASS,
    title = {Modern Applied Statistics with {S}},
    author = {W. N. Venables and B. D. Ripley},
    publisher = {Springer},
    edition = {Fourth},
    address = {New York},
    year = {2002},
    note = {ISBN 0-387-95457-0},
    url = {https://www.stats.ox.ac.uk/pub/MASS4/},
  }


@Manual{R-survival,
    title = {A Package for Survival Analysis in {S}},
    author = {Terry M Therneau},
    year = {2015},
    note = {version 2.38},
    url = {https://CRAN.R-project.org/package=survival},
 }
  
@Manual{R-joineR,
    title = {{joineR}: {J}oint Modelling of Repeated Measurements and Time-to-Event Data},
    author = {Pete Philipson and Ines Sousa and Peter J. Diggle and Paula Williamson and Ruwanthi Kolamunnage-Dona and Robin Henderson and Graeme L. Hickey},
    year = {2018},
    note = {R package version 1.2.5},
    url = {https://github.com/graemeleehickey/joineR/},
}

@Article{R-JM,
    title = {{JM}: {A}n {R} Package for the Joint Modelling of
      Longitudinal and Time-to-Event Data},
    author = {Dimitris Rizopoulos},
    journal = {Journal of Statistical Software},
    year = {2010},
    volume = {35},
    number = {9},
    pages = {1--33},
    url = {https://doi.org/10.18637/jss.v035.i09},
  }

@Manual{R-ucminf,
  title = {{ucminf}: {G}eneral-Purpose Unconstrained Non-Linear Optimization},
  author = {Hans Bruun Nielsen and Stig Bousgaard Mortensen},
  year = {2016},
  note = {R package version 1.1-4},
  url = {https://CRAN.R-project.org/package=ucminf},
}

@Article{R-JMbayes,
    title = {The {R} Package {JMbayes} for Fitting Joint Models for Longitudinal and Time-to-Event Data Using {MCMC}},
    author = {Dimitris Rizopoulos},
    journal = {Journal of Statistical Software},
    year = {2016},
    volume = {72},
    number = {7},
    pages = {1--45},
    doi = {10.18637/jss.v072.i07}
}
    
@Manual{R-JMbayes2,
    title = {{JMbayes2}: {E}xtended Joint Models for Longitudinal and Time-to-Event Data},
    author = {Dimitris Rizopoulos and Grigorios Papageorgiou and Pedro {Miranda Afonso}},
    year = {2021},
    note = {R package version 0.1-8},
    url = {https://CRAN.R-project.org/package=JMbayes2},
 }
 
 @Article{R-INLA,
          title = {Approximate {B}ayesian inference for latent {G}aussian models by using integrated nested {L}aplace approximations},
          author = {Rue, H. and Martino, S and Chopin, N},
          year = {2009},
          volume = {71},
          number = {2},
          pages = {319--392},
          journal = {Journal of the Royal Statistical Society: Series B (Statistical Methodology)},
          doi = {10.1111/j.1467-9868.2008.00700.x}
}

@Manual{R-INLAjoint,
   author = {Rustand, Denis and Krainski, Elias Teixeira and Rue, Haavard and van Niekerk, Janet},
   title = {{INLAjoint: Multivariate joint modeling for longitudinal and time-to-event outcomes with INLA}},
   year = {2022},
   url = {https://github.com/DenisRustand/INLAjoint}
}

@Article{R-Rcpp,
  title = {{Rcpp}: Seamless {R} and {C++} Integration},
  author = {Dirk Eddelbuettel and Romain Fran\c{c}ois},
  journal = {Journal of Statistical Software},
  year = {2011},
  volume = {40},
  number = {8},
  pages = {1--18},
  url = {https://www.jstatsoft.org/v40/i08/},
  doi = {10.18637/jss.v040.i08},
}

@Article{R-RcppArmadillo,
  title = {(RcppArmadillo): {A}ccelerating {R} with high-performance {C++} linear algebra},
  author = {Dirk Eddelbuettel and Conrad Sanderson},
  journal = {Computational	Statistics and Data Analysis},
  year = {2014},
  volume = {71},
  month = {March},
  pages = {1054--1063},
  url = {http://dx.doi.org/10.1016/j.csda.2013.02.005},
}

@Misc{R-stanjm,
    title = {Joint longitudinal and time-to-event models via {Stan}.},
    author = {SL Brilleman and MJ Crowther and M Moreno-Betancur and J
      {Buros Novik} and R Wolfe},
    note = {StanCon 2018. 10-12 Jan 2018. Pacific Grove, CA, USA.},
    url = {https://github.com/stan-dev/stancon_talks/},
    year = {2018},
  }

@Manual{R-mvtnorm,
    title = {{mvtnorm}: {M}ultivariate Normal and t Distributions},
    author = {Alan Genz and Frank Bretz and Tetsuhisa Miwa and Xuefei Mi and Friedrich Leisch and Fabian Scheipl and Torsten Hothorn},
    year = {2021},
    note = {R package version 1.1-3},
    url = {https://CRAN.R-project.org/package=mvtnorm},
  }

@Article{R-glmmTMB,
    author = {Mollie E. Brooks and Kasper Kristensen and Koen J. {van Benthem} and Arni Magnusson and Casper W. Berg and Anders Nielsen and Hans J. Skaug and Martin Maechler and Benjamin M. Bolker},
    title = {{glmmTMB} Balances Speed and Flexibility Among Packages for Zero-inflated Generalized Linear Mixed Modeling},
    year = {2017},
    journal = {The R Journal},
    url = {https://journal.r-project.org/archive/2017/RJ-2017-066/index.html},
    pages = {378--400},
    volume = {9},
    number = {2},
  }

@Book{R-ggplot2,
    author = {Hadley Wickham},
    title = {{ggplot2}: {E}legant Graphics for Data Analysis},
    publisher = {Springer-Verlag New York},
    year = {2016},
    isbn = {978-3-319-24277-4},
    url = {https://ggplot2.tidyverse.org},
}

@article{ADMB-paper,
    author = {David A. Fournier and Hans J. Skaug and Johnoel Ancheta and James Ianelli and Arni Magnusson and Mark N. Maunder and Anders Nielsen and John Sibert},
    title = {{AD Model Builder}: {U}sing automatic differentiation for statistical inference of highly parameterized complex nonlinear models},
    journal = {Optimization Methods and Software},
    volume = {27},
    number = {2},
    pages = {233--249},
    year = {2012},
    publisher = {Taylor \& Francis},
    doi = {10.1080/10556788.2011.597854},
}

@article{R-TMB,
    title={{TMB}: {A}utomatic Differentiation and {L}aplace Approximation},
    volume={70},
    doi={10.18637/jss.v070.i05},
    number={5},
    journal={Journal of Statistical Software},
    author={Kristensen, Kasper and Nielsen, Anders and Berg, Casper W. and Skaug, Hans and Bell, Bradley M.},
    year={2016},
    pages={1-–21}
}

@manual{R-FastJM,
    title = {{FastJM}: {S}emi-Parametric Joint Modeling of Longitudinal and Survival Data},
    author = {Shanpeng Li},
    year = {2022},
    note = {R package version 1.2.0},
    url = {https://CRAN.R-project.org/package=FastJM},
  }

@article{R-FastJM-Paper,
    author={Li, Shanpeng and Li, Ning and Wang, Hong and Zhou, Jin and Zhou, Hua and Li, Gang},
    title={Efficient Algorithms and Implementation of a Semiparametric Joint Model for Longitudinal and Competing Risk Data: {W}ith Applications to Massive {B}iobank Data},
    journal={Computational and Mathematical Methods in Medicine},
    year={2022},
    month={Feb},
    day={08},
    publisher={Hindawi},
    volume={2022},
    pages={1362913},
    doi={10.1155/2022/1362913}
}

 @Manual{R-pracma,
    title = {{pracma}: {P}ractical Numerical Math Functions},
    author = {Hans W. Borchers},
    year = {2022},
    note = {R package version 2.4.2},
    url = {https://CRAN.R-project.org/package=pracma},
  }


% ----
% Misc. Software
% ----

@manual{Winbugs-manual,
    author = {Spiegelhalter, D. J. and Thomas, A. and Best, N. G.},
    year = {1999},
    title = {{WinBUGS} version 1.2 User Manual},
    note = {MRC Biostatistics Unit, Cambridge}
}

@article{stata-stjm,
    author = {Crowther, M. J. and Abrams, K. R. and Lambert, P. C.},
    title = {Joint modeling of longitudinal and survival data},
    journal = {Stata Journal},
    volume = {13},
    number = {1},
    year = {2013},
    pages = {165-184(20)}
}

@article{SAS-JM,
    title={\%{JM}: {A} {SAS} Macro to Fit Jointly Generalized Mixed Models for Longitudinal Data and Time-to-Event Responses},
    volume={84},
    doi={10.18637/jss.v084.i12},
    number={12},
    journal={Journal of Statistical Software},
    author={Garcia-Hernandez, Alberto and Rizopoulos, Dimitris},
    year={2018},
    pages={1–29}
}

% -----
% Some papers using ADNI
% -----

@article{Li2017A,
  title={Prediction of conversion to {A}lzheimer’s disease with longitudinal measures and time-to-event data},
  author={Li, Kan and Chan, Wenyaw and Doody, Rachelle S and Quinn, Joseph and Luo, Sheng},
  journal={Journal of Alzheimer's Disease},
  volume={58},
  number={2},
  pages={361--371},
  year={2017},
  doi = {10.3233/JAD-161201}
}

@article{Li2017B,
  title={Functional joint model for longitudinal and time-to-event data: {A}n application to {A}lzheimer's disease},
  author={Li, Kan and Luo, Sheng},
  journal={Statistics in medicine},
  volume={36},
  number={22},
  pages={3560--3572},
  year={2017},
  doi = {10.1002/sim.7381}
}

@article{Wang2020,
  title={Partial least squares for functional joint models with applications to the {A}lzheimer's disease neuroimaging initiative study},
  author={Wang, Yue and Ibrahim, Joseph G and Zhu, Hongtu},
  journal={Biometrics},
  volume={76},
  number={4},
  pages={1109--1119},
  year={2020},
  doi = {10.1111/biom.13219}
}

@article{Moradi2017,
    title = {Rey's Auditory Verbal Learning Test scores can be predicted from whole brain {MRI} in {A}lzheimer's disease},
    journal = {NeuroImage: Clinical},
    volume = {13},
    pages = {415-427},
    year = {2017},
    doi = {10.1016/j.nicl.2016.12.011},
    author = {Elaheh Moradi and Ilona Hallikainen and Tuomo Hänninen and Jussi Tohka},
}

@article{Li2021,
  title={Joint model for survival and multivariate sparse functional data with application to a study of {A}lzheimer's Disease},
  author={Li, Cai and Xiao, Luo and Luo, Sheng},
  journal={Biometrics},
  year={2021},
  publisher={Wiley Online Library},
  doi = {10.1111/biom.13427}
}


% -------
% Papers for joint Frailty Copula Models
% -------
@article{Sofeu2021,
    author = {Sofeu, Casimir L. and Emura, Takeshi and Rondeau, Virginie},
    title = {A joint frailty-copula model for meta-analytic validation of failure time surrogate endpoints in clinical trials},
    journal = {Biometrical Journal},
    volume = {63},
    number = {2},
    pages = {423-446},
    doi = {10.1002/bimj.201900306},
    year = {2021}
}

@article{Emura2017,
    author = {Takeshi Emura and Masahiro Nakatochi and Kenta Murotani and Virginie Rondeau},
    title ={A joint frailty-copula model between tumour progression and death for meta-analysis},
    journal = {Statistical Methods in Medical Research},
    volume = {26},
    number = {6},
    pages = {2649-2666},
    year = {2017},
    doi = {10.1177/0962280215604510}
}

@article{Peng2018,
    title = {Semiparametric regression analysis of clustered survival data with semi-competing risks},
    author = {Peng, Mengjiao and Xiang, Liming and Wang, Shanshan},
    year = {2018},
    journal = {Computational Statistics \& Data Analysis},
    volume = {124},
    number = {C},
    pages = {53-70},
    doi = {10.1016/j.csda.2018.02.003}
}

% ---
% Papers with GLM in place of survival
% ---

@article{Patson2021,
    title={Joint modelling of multivariate longitudinal clinical laboratory safety outcomes, concomitant medication and clinical adverse events: {A}pplication to artemisinin-based treatment during pregnancy clinical trial},
    author={Patson, Noel and Mukaka, Mavuto and D’Alessandro, Umberto and Chapotera, Gertrude and Mwapasa, Victor and Mathanga, Don and Kazembe, Lawrence and Laufer, Miriam K and Chirwa, Tobias},
    journal={BMC medical research methodology},
    volume={21},
    number={1},
    pages={1--13},
    year={2021},
    publisher={BioMed Central},
    doi = {10.1186/s12874-021-01412-9}
}

% Pregnancy binary GLM
@article{Horrocks2009, 
  title={Prediction of pregnancy: {A} joint model for longitudinal and binary data},
  author={Horrocks, Julie and van Den Heuvel, Marianne J},
  journal={Bayesian Analysis},
  volume={4},
  number={3},
  pages={523--538},
  year={2009},
  doi = {10.1214/09-BA419},
  publisher={International Society for Bayesian Analysis}
}

% Same as Hwang (2011) but with multivariate longit (all gaussian).
@article{Hwang2015, 
  title={Joint model of multiple longitudinal measures and a binary outcome: {A}n application to predict orthostatic hypertension for subacute stroke patients},
  author={Hwang, Yi-Ting and Wang, Chun-Chao and Wang, Chiuan He and Tseng, Yi-Kuan and Chang, Yeu-Jhy},
  journal={Biometrical Journal},
  volume={57},
  number={4},
  pages={661--675},
  year={2015},
  doi = {10.1002/bimj.201400044},
  publisher={Wiley Online Library}
}
% Binary outcome
@article{li2015flexible, 
  title={Flexible link functions in a joint model of binary and longitudinal data},
  author={Li, Dan and Wang, Xia and Song, Seongho and Zhang, Nanhua and Dey, Dipak K},
  journal={Stat},
  volume={4},
  number={1},
  pages={320--330},
  year={2015},
  doi = {10.1002/sta4.98},
  publisher={Wiley Online Library}
}

@article{Choi2015, 
  title={Joint analysis of survival time and longitudinal categorical outcomes},
  author={Choi, Jaeun and Cai, Jianwen and Zeng, Donglin and Olshan, Andrew F},
  journal={Statistics in biosciences},
  volume={7},
  number={1},
  pages={19--47},
  year={2015},
  doi = {10.1007/s12561-013-9091-z},
  publisher={Springer}
}

% ------
% For Appendices
% ------
@Manual{R-microbenchmark,
    title = {{microbenchmark}: {A}ccurate Timing Functions},
    author = {Olaf Mersmann},
    year = {2019},
    note = {R package version 1.4-7},
    url = {https://CRAN.R-project.org/package=microbenchmark},
  }

@Article{quadrature,
  author = {Gordon K. Smyth},
  title = {Numerical integration},
  journal = {Encyclopedia of Biostatistics},
  year = {2005},
  publisher = {John Wiley and Sons, Ltd},
  pages = {3088-3095},
}

@book{Lemieux2009,
      title = {Monte {C}arlo and quasi-{M}onte {C}arlo sampling},
      author = {Lemieux, L.},
      year = {2009},
      publisher = {Springer},
      isbn = {9780387781648}
}

% GLMM
@book{McCullaghNelder89,
    title = {Generalized Linear Models},
    author = {McCullagh, P. and Nelder, J.A.},
    year = {1989},
    edition = {2nd},
    publisher = {Chapman and Hall},
    doi = {10.1201/9780203753736},
    isbn = {9780203753736}
}

@inproceedings{Ismal2007,
  title={Handling Overdispersion with Negative Binomial and Generalized {P}oisson Regression Models},
  author={Noriszura Ismail and Abdul Aziz Jemain},
  year={2007},
  booktitle = {Casualty Actuarial Society Forum, Winter 2007},
  pages = {103--149}
}

@misc{BolkerGLMMFAQ,
  author = {Bolker, Ben},
  title = {{GLMM FAQ}},
  howpublished = {\url{https://bbolker.github.io/mixedmodels-misc/glmmFAQ}},
  year = {2022},
  note = {Accessed: June 20, 2023}
}

@article{Ordbetareg, 
    title={Ordered {B}eta Regression: {A} Parsimonious, Well-Fitting Model for Continuous Data with Lower and Upper Bounds}, 
    volume={31}, 
    doi={10.1017/pan.2022.20}, 
    number={4}, 
    journal={Political Analysis}, 
    author={Kubinec, Robert}, 
    year={2023}, 
    pages={519-–536}
}

@article{GammaCount,
    doi = {10.1080/02664763.2014.922168},
    year = {2014},
    volume = {41},
    number = {12},
    pages = {2616--2626},
    author = {Walmes Marques Zeviani and Paulo Justiniano Ribeiro and Wagner Hugo Bonat and Silvia Emiko Shimakura and Joel Augusto Muniz},
    title = {The {G}amma-count distribution in the analysis of experimental underdispersed data},
    journal = {Journal of Applied Statistics}
}

% CMP
@article{Shmueli2005,
    title={A useful distribution for fitting discrete data: {R}evival of the {C}onway--{M}axwell--{P}oisson distribution},
    author={Shmueli, Galit and Minka, Thomas P and Kadane, Joseph B and Borle, Sharad and Boatwright, Peter},
    journal={Journal of the Royal Statistical Society: Series C (Applied Statistics)},
    volume={54},
    number={1},
    pages={127--142},
    year={2005},
    doi={10.1111/j.1467-9876.2005.00474.x}
}

@article{Huang2017,
    title={Mean-parametrized {C}onway--{M}axwell--{P}oisson regression models for dispersed counts},
    author={Huang, Alan},
    journal={Statistical Modelling},
    volume={17},
    number={6},
    pages={359--380},
    year={2017},
    doi = {10.1177/1471082X17697749}
}

@article{ConwayMaxwell,
    title={A queuing model with state dependent service rates},
    author={Conway, Richard W and Maxwell, William L},
    journal={Journal of Industrial Engineering},
    volume={12},
    number={2},
    pages={132--136},
    year={1962}
}


@Book{R-car,
    title = {An {R} Companion to Applied Regression},
    edition = {Third},
    author = {John Fox and Sanford Weisberg},
    year = {2019},
    publisher = {Sage},
    address = {Thousand Oaks {CA}},
    url = {https://socialsciences.mcmaster.ca/jfox/Books/Companion/},
  }

% !!MISCEL ===================
@article{Friendly2013,
    author = {Michael Friendly and Georges Monette and John Fox},
    title = {{Elliptical Insights: Understanding Statistical Methods through Elliptical Geometry}},
    volume = {28},
    journal = {Statistical Science},
    number = {1},
    pages = {1--39},
    year = {2013},
    doi = {10.1214/12-STS402}
}

@book{91152033,
   title =     {Bayesian data analysis},
   author =    {Andrew Gelman, John B. Carlin, Hal S. Stern, Donald B. Rubin},
   publisher = {Chapman \& Hall/CRC},
   isbn =      {0203620828; 9780203620823; 9780203491287; 0203491289; 158488388X; 9781584883883},
   year =      {2004},
   series =    {Texts in statistical science},
   edition =   {2nd ed.}
}


% Sample size for joint models ========================== 
@article{Riley2019,
    author = {Riley, Richard D and Snell, Kym IE and Ensor, Joie and Burke, Danielle L and Harrell Jr, Frank E and Moons, Karel GM and Collins, Gary S},
    title = {Minimum sample size for developing a multivariable prediction model: {PART II} -- binary and time-to-event outcomes},
    journal = {Statistics in Medicine},
    volume = {38},
    number = {7},
    pages = {1276--1296},
    doi = {10.1002/sim.7992},
    year = {2019}
}

@article{Xu2022,
    author = {Xu, Jiawei. and Psioda, Matthew A. and Ibrahim, J. G.},
    title = {Bayesian Design of Clinical Trials Using Joint Cure Rate Models for Longitudinal and Time-to-Event Data},
    journal = {Lifetime Data Analysis},
    year = {2022},
    doi = {10.1007/s10985-022-09581-5}
}

@article{LeClair2022,
    author = {LeClair, Jessica and Massaro, Joseph and Sverdlov, Oleksandr and Gordon, Leslie and Tripodis, Yorghos},
    title = {Sample size determination for the association between longitudinal and time-to-event outcomes using the joint modeling time-dependent slopes parameterization},
    journal = {Statistics in Medicine},
    year = {2022},
    doi = {10.1002/sim.9595},
}

@article{Chen2011,
    author = {Chen, Liddy M. and Ibrahim, Joseph G. and Chu, Haitao},
    title = {Sample size and power determination in joint modeling of longitudinal and survival data},
    journal = {Statistics in Medicine},
    volume = {30},
    number = {18},
    pages = {2295--2309},
    doi = {10.1002/sim.4263},
    year = {2011}
}

